@article{against-mme,
  author  = {Bigman, Yochanan and Gray, Kurt},
  year    = {2020},
  month   = {03},
  pages   = {E1-E2},
  title   = {Life and death decisions of autonomous vehicles},
  volume  = {579},
  journal = {Nature},
  doi     = {10.1038/s41586-020-1987-4}
}

@article{ethical-knob,
  author  = {Contissa, Giuseppe and Lagioia, Francesca and Sartor, Giovanni},
  year    = {2017},
  month   = {12},
  pages   = {601-614},
  title   = {The Ethical Knob: Ethically-customisable automated vehicles and the law},
  volume  = {29},
  journal = {Sistemi Intelligenti},
  doi     = {10.1422/88511}
}

@article{mme,
  author  = {Awad, Edmond and Dsouza, Sohan and Kim, Richard and Schulz, Jonathan and Henrich, Joseph and Shariff, Azim and Bonnefon, Jean-François and Rahwan, Iyad},
  year    = {2018},
  month   = {11},
  pages   = {},
  title   = {The Moral Machine Experiment},
  volume  = {563},
  journal = {Nature},
  doi     = {10.1038/s41586-018-0637-6}
}

@article{reply-against-mme,
  author  = {Awad, Edmond and Dsouza, Sohan and Kim, Richard and Schulz, Jonathan and Henrich, Joe and Shariff, Azim and Bonnefon, Jean-François and Rahwan, Iyad and Bridger, Emma},
  year    = {2020},
  month   = {03},
  pages   = {E3-E5},
  title   = {Reply to: Life and death decisions of autonomous vehicles},
  volume  = {579},
  journal = {Nature},
  doi     = {10.1038/s41586-020-1988-3}
}

@inbook{why-ethics-matters,
  author    = {Lin, Patrick},
  editor    = {Maurer, Markus and Gerdes, J. Christian and Lenz, Barbara and Winner, Hermann},
  title     = {Why Ethics Matters for Autonomous Cars},
  booktitle = {Autonomes Fahren: Technische, rechtliche und gesellschaftliche Aspekte},
  year      = {2015},
  publisher = {Springer Berlin Heidelberg},
  address   = {Berlin, Heidelberg},
  pages     = {69--85},
  isbn      = {978-3-662-45854-9},
  doi       = {10.1007/978-3-662-45854-9_4},
  url       = {https://doi.org/10.1007/978-3-662-45854-9_4}
}
